@online{pew-scotus-awareness,
	author = {Meredith Dost},
	title = {Dim public awareness of Supreme Court as major rulings loom},
	date = {2015-05-14},
	url = {http://www.pewresearch.org/fact-tank/2015/05/14/dim-public-awareness-of-supreme-court-as-major-rulings-loom/},
	organization = {Pew Research Center},
	urldate = {\today}
}

@article{gibson-survey,
    ISSN = {00223816, 14682508},
    URL = {http://www.jstor.org/stable/10.1017/s0022381609090379},
    author = {James L. Gibson and Gregory A. Caldeira},
    journal = {The Journal of Politics},
    number = {2},
    pages = {429--441},
    publisher = {[The University of Chicago Press, Southern Political Science Association]},
    title = {Knowing the Supreme Court? A Reconsideration of Public Ignorance of the High Court},
    volume = {71},
    year = {2009}
}

@online{oyez-roe,
    title = {Roe v. Wade},
    organization = {Oyez},
    url = {https://www.oyez.org/cases/1971/70-18},
    urldate = {\today}
}

@online{oyez-brown,
    title = {Brown v. Board of Education of Topeka (1)},
    organization = {Oyez},
    url = {https://www.oyez.org/cases/1940-1955/347us483},
    urldate = {\today}
}

@online{oyez-gideon,
    title = {Gideon v. Wainwright},
    organization = {Oyez},
    url = {https://www.oyez.org/cases/1962/155},
    urldate = {\today}
}

@online{oyez-fec,
    title = {Citizens United v. Federal Election Commission},
    organization = {Oyez},
    url = {https://www.oyez.org/cases/2008/08-205},
    urldate = {\today}
}

@article{fowler:2008,
  title={The authority of Supreme Court precedent},
  author={Fowler, James H and Jeon, Sangick},
  journal={Social networks},
  volume={30},
  number={1},
  pages={16--30},
  year={2008},
  publisher={Elsevier}
}
@article{fowler:2007,
  title={Network analysis and the law: Measuring the legal importance of precedents at the US Supreme Court},
  author={Fowler, James H and Johnson, Timothy R and Spriggs, James F and Jeon, Sangick and Wahlbeck, Paul J},
  journal={Political Analysis},
  volume={15},
  number={3},
  pages={324--346},
  year={2007},
  publisher={Cambridge University Press}
}
